% Put you own bibliography entries in this file

[1] Sondergaard 2003
[2] Myers and Montgomery 2002
[3] Collaboration with Jonathan 2020

[4] Hernandez 2018
[5] Keilhacker 1999
[6] Coleman 2019
